<record><leader>00000cas a22000007a 4500</leader><controlfield tag="001">15744247</controlfield><controlfield tag="008">870528c19229999iauwr ne      0    0eng d</controlfield><datafield ind1=" " ind2=" " tag="010"><subfield code="a">sn 87057173 </subfield></datafield><datafield ind1=" " ind2=" " tag="040"><subfield code="a">INP</subfield><subfield code="b">eng</subfield><subfield code="c">INP</subfield><subfield code="d">OCLCQ</subfield></datafield><datafield ind1=" " ind2=" " tag="042"><subfield code="a">msc</subfield></datafield><datafield ind1="0" ind2="0" tag="245"><subfield code="a">Allamakee journal and Lansing mirror.</subfield></datafield><datafield ind1="1" ind2="3" tag="246"><subfield code="a">Allamakee journal</subfield></datafield><datafield ind1=" " ind2=" " tag="260"><subfield code="a">Lansing, Iowa :</subfield><subfield code="b">J. Dunlevy</subfield></datafield><datafield ind1=" " ind2=" " tag="300"><subfield code="a">v.</subfield></datafield><datafield ind1=" " ind2=" " tag="310"><subfield code="a">Weekly</subfield></datafield><datafield ind1="1" ind2=" " tag="362"><subfield code="a">Began Nov. 30, 1922.</subfield></datafield><datafield ind1=" " ind2=" " tag="588"><subfield code="a">Description based on: Vol. 97, no. 22 (June 2, 1976).</subfield></datafield><datafield ind1=" " ind2=" " tag="752"><subfield code="a">United States</subfield><subfield code="b">Iowa</subfield><subfield code="c">Allamakee</subfield><subfield code="d">Lansing.</subfield></datafield><datafield ind1="0" ind2="4" tag="780"><subfield code="t">Allamakee journal</subfield><subfield code="w">(DLC)sn 86061230</subfield></datafield><datafield ind1="0" ind2="4" tag="780"><subfield code="t">Lansing mirror (Lansing, Iowa : 1874)</subfield><subfield code="w">(DLC)sn 84038278</subfield></datafield></record>